@article{euler,
  title     = {Solutio problematis ad geometriam situs pertinentis ({The solution of a problem relating to the geometry of position})},
  author    = {Euler, Leonhard},
  year      = {1736}
}
@article{ismail2009some,
  title     = {Some applications of {Eulerian} graphs},
  author    = {Ismail, Abdul Samad and Hasni, Roslan and
              Subramanian, KG},
  year      = {2009},
  journal   = {Sutra: International Journal of Mathematical
              Science Education},
  url       = {www.tmrfindia.org/sutra/v2i21.pdf},
}
@article{tutte,
  title     = {How to draw a graph},
  author    = {Tutte, William T.},
  year      = {1962},
}
@article{huang2007effects,
  title     = {Effects of Sociogram Drawing Conventions and
              Edge Crossings in Social Network Visualization.},
    author  = {Huang, Weidong and Hong, Seok-Hee and
              Eades, Peter}
}
@article{vanhamperceporg, 
    author={van Ham, F. and Rogowitz, B.}, 
    journal={Visualization and Computer Graphics, IEEE Transactions on}, 
    title={Perceptual Organization in User-Generated Graph Layouts}, 
    year={2008}, 
    month={Nov}, 
    volume={14}, 
    number={6}, 
    pages={1333-1339}, 
    doi={10.1109/TVCG.2008.155}, 
    ISSN={1077-2626},
}


@article{Gansner:1993:TDD:630795.631037,
 author = {Gansner, E. R. and Koutsofios, E. and North, S. C. and Vo, K.-P.},
 title = {A Technique for Drawing Directed Graphs},
 journal = {IEEE Trans. Softw. Eng.},
 issue_date = {March 1993},
 volume = {19},
 number = {3},
 month = mar,
 year = {1993},
 issn = {0098-5589},
 pages = {214--230},
 numpages = {17},
 url = {http://dx.doi.org/10.1109/32.221135},
 doi = {10.1109/32.221135},
 acmid = {631037},
 publisher = {IEEE Press},
 address = {Piscataway, NJ, USA},
 keywords = {auxiliary graph, computer graphics, directed graphs, four-pass algorithm, iterative heuristic, local transpositions, network simplex algorithm, novel weight function, optimal coordinates, optimal rank assignment, optimisation, splines, splines (mathematics), vertex order},
} 
[